<?xml version="1.0" encoding="UTF-8"?><collection xmlns="http://www.loc.gov/MARC21/slim"><record><leader>00421nam--2200145-i-4500</leader><controlfield tag="001">000033313</controlfield><controlfield tag="002">20161230</controlfield><controlfield tag="005">20161230201039</controlfield><controlfield tag="008">060222s1000------------r-----000-0-eng-d</controlfield><datafield ind1=" " ind2=" " tag="080"><subfield code="a">621.039.85:577.1</subfield></datafield><datafield ind1=" " ind2=" " tag="100"><subfield code="a">Monks, R., Oldham, K.G.And Tovey, K.C</subfield></datafield><datafield ind1=" " ind2=" " tag="245"><subfield code="a">Labelled nucleorides in biochemistry</subfield></datafield><datafield ind1=" " ind2=" " tag="260"><subfield code="a">Amersham, The Radiochemical Centre, 1971, 59p</subfield></datafield><datafield ind1=" " ind2=" " tag="490"><subfield code="a">The Radiochemical Centre-rewiew</subfield></datafield><datafield ind1=" " ind2=" " tag="852"><subfield code="a">28595</subfield></datafield></record></collection>